@article{GOKMEN2010902,
title = "Evaluation of student performance in laboratory applications using fuzzy logic",
journal = "Procedia - Social and Behavioral Sciences",
volume = "2",
number = "2",
pages = "902 - 909",
year = "2010",
note = "",
issn = "1877-0428",
doi = "http://dx.doi.org/10.1016/j.sbspro.2010.03.124",
url = "http://www.sciencedirect.com/science/article/pii/S1877042810001643",
author = "Gokhan Gokmen and Tahir Cetin Akinci and Mehmet Tektas and Nevzat Onat and Gokhan Kocyigit and Necla Tektas",
keywords = "Performance",
keywords = "evaluation",
keywords = "exam",
keywords = "fuzzy logic",
keywords = "laboratory application"
}

@Inbook{Hameed,
author="Hameed, Ibrahim A. and Sorensen, Claus G.",
title={Fuzzy Systems in Education: A More Reliable System for Student Evaluation},
bookTitle="Fuzzy Systems",
year="2010",
publisher="InTech",
chapter="1",
isbn="978-953-7619-92-3",
doi="10.5772/7216",
url={http://www.intechopen.com/books/export/citation/BibTex/fuzzy-systems/fuzzy-systems-in-education-a-more-reliable-system-for-student-evaluation}
}

@article{Huapaya,
title = "Proposal of fuzzy logic-based studentsâ€™learning assessment model",
journal = "XVIII Congreso Argentino de Ciencias de la Computacin",
author = "Huapaya, Constanza Raquel",
year = "2012",
}

@article{Ingoley,
title = "Evaluation of student performance in laboratory applications using fuzzy logic",
journal = "International Journal on Advanced Computer Engineering and Communication Technologies",
volume = "1",
pages = "2278 - 5140",
year = "2012",
author = "Shilpa Ingoley and Bakal, J.W.",
}

@book{Klir:1996:FSF:234347,
 editor = {Klir, George J. and Yuan, Bo},
 title = {Fuzzy Sets, Fuzzy Logic, and Fuzzy Systems: Selected Papers by Lotfi A. Zadeh},
 year = {1996},
 isbn = {981-02-2422-2},
 publisher = {World Scientific Publishing Co., Inc.},
 address = {River Edge, NJ, USA},
}

@Inbook{Chrysafiadi2015,
author="Chrysafiadi, Konstantina and Virvou, Maria",
title="Fuzzy Logic in Student Modeling",
bookTitle="Advances in Personalized Web-Based Education",
year="2015",
publisher="Springer International Publishing",
address="Cham",
pages="25--60",
isbn="978-3-319-12895-5",
doi="10.1007/978-3-319-12895-5_2",
url="http://dx.doi.org/10.1007/978-3-319-12895-5_2"
}

@article{Patel,
title = "Fuzzy Logic based Expert System for Students Performance Evaluation in Data Grid Environment",
journal = {International Journal of Scientific \& Engineering Research},
volume = "5",
number = "1",
year = "2014",
author = "Sanskruti Patel and Priti Sajja and Atul Patel",
}

@inproceedings{Xu:2002:ISP:820741.820940,
 author = {Xu, D. and Wang, H. and Su, K.},
 title = {Intelligent Student Profiling with Fuzzy Models},
 booktitle = {Proceedings of the 35th Annual Hawaii International Conference on System Sciences (HICSS'02)-Volume 3 - Volume 3},
 series = {HICSS '02},
 year = {2002},
 isbn = {0-7695-1435-9},
 pages = {81.2--},
 url = {http://dl.acm.org/citation.cfm?id=820741.820940},
 acmid = {820940},
 publisher = {IEEE Computer Society},
 address = {Washington, DC, USA},
 keywords = {Software agents, Fuzzy model, Web-based education, Student profiling},
}

@article{ZADEH1965338,
title = "Fuzzy sets",
journal = "Information and Control",
volume = "8",
number = "3",
pages = "338 - 353",
year = "1965",
note = "",
issn = "0019-9958",
doi = "http://dx.doi.org/10.1016/S0019-9958(65)90241-X",
url = "http://www.sciencedirect.com/science/article/pii/S001999586590241X",
author = "L.A. Zadeh",
}